@book{knuth92,
  author = "Donald E. Knuth",
  title = "Computer Modern Typography",
  publisher = "Center for the Study of Language and Information",
  year = 1992,
  address = "Stanford, California"
}